% 1. INTRODUCTION

@incollection{harizopoulos2018oltp,
  title={OLTP through the looking glass, and what we found there},
  author={Harizopoulos, Stavros and Abadi, Daniel J and Madden, Samuel and Stonebraker, Michael},
  booktitle={Making Databases Work: the Pragmatic Wisdom of Michael Stonebraker},
  pages={409--439},
  year={2018}
}

@inproceedings{leis2013adaptive,
  title={The adaptive radix tree: ARTful indexing for main-memory databases},
  author={Leis, Viktor and Kemper, Alfons and Neumann, Thomas},
  booktitle={2013 IEEE 29th International Conference on Data Engineering (ICDE)},
  pages={38--49},
  year={2013},
  organization={IEEE}
}

@online{baskins2004judy,
  title={Judy arrays},
  author={Doug Baskins},
  year={2004},
  url={http://judy.sourceforge.net/},
  lastaccessed={July 23, 2022}
}

% 2. ADAPTIVE RADIX TREE

% 3. KEY TRANSFORMATIONS FOR BINARY COMPARISON

% 4. EVALUATION

% 5. RELATED WORK

@inproceedings{alvarez2015comparison,
  title={A comparison of adaptive radix trees and hash tables},
  author={Alvarez, Victor and Richter, Stefan and Chen, Xiao and Dittrich, Jens},
  booktitle={2015 IEEE 31st International Conference on Data Engineering},
  pages={1227--1238},
  year={2015},
  organization={IEEE}
}

@inproceedings{wang2018building,
  title={Building a bw-tree takes more than just buzz words},
  author={Wang, Ziqi and Pavlo, Andrew and Lim, Hyeontaek and Leis, Viktor and Zhang, Huanchen and Kaminsky, Michael and Andersen, David G},
  booktitle={Proceedings of the 2018 International Conference on Management of Data},
  pages={473--488},
  year={2018}
}

@inproceedings{leis2016art,
  title={The ART of practical synchronization},
  author={Leis, Viktor and Scheibner, Florian and Kemper, Alfons and Neumann, Thomas},
  booktitle={Proceedings of the 12th International Workshop on Data Management on New Hardware},
  pages={1--8},
  year={2016}
}

@inproceedings{binna2018hot,
  title={HOT: A height optimized trie index for main-memory database systems},
  author={Binna, Robert and Zangerle, Eva and Pichl, Martin and Specht, G{\"u}nther and Leis, Viktor},
  booktitle={Proceedings of the 2018 International Conference on Management of Data},
  pages={521--534},
  year={2018}
}

@inproceedings{fent2020start,
  title={STARTâ€”Self-Tuning Adaptive Radix Tree},
  author={Fent, Philipp and Jungmair, Michael and Kipf, Andreas and Neumann, Thomas},
  booktitle={2020 IEEE 36th International Conference on Data Engineering Workshops (ICDEW)},
  pages={147--153},
  year={2020},
  organization={IEEE}
}

% 6. CONCLUSION AND FUTURE WORK

@inproceedings{kemper2011hyper,
  title={HyPer: A hybrid OLTP\&OLAP main memory database system based on virtual memory snapshots},
  author={Kemper, Alfons and Neumann, Thomas},
  booktitle={2011 IEEE 27th International Conference on Data Engineering},
  pages={195--206},
  year={2011},
  organization={IEEE}
}

@inproceedings{raasveldt2019duckdb,
  title={DuckDB: an embeddable analytical database},
  author={Raasveldt, Mark and M{\"u}hleisen, Hannes},
  booktitle={Proceedings of the 2019 International Conference on Management of Data},
  pages={1981--1984},
  year={2019}
}